@article{zhou2021proxy,
  title={Proxy-bridged Image Reconstruction Network for Anomaly Detection in Medical Images},
  author={Zhou, Kang and Li, Jing and Luo, Weixin and Li, Zhengxin and Yang, Jianlong and Fu, Huazhu and Cheng, Jun and Liu, Jiang and Gao, Shenghua},
  journal={IEEE Transactions on Medical Imaging},
  volume={41},
  number={3},
  pages={582--594},
  year={2021},
  publisher={IEEE}
}



@inproceedings{schlegl2017unsupervised,
  title={Unsupervised anomaly detection with generative adversarial networks to guide marker discovery},
  author={Schlegl, Thomas and Seeb{\"o}ck, Philipp and Waldstein, Sebastian M and Schmidt-Erfurth, Ursula and Langs, Georg},
  booktitle={International conference on information processing in medical imaging},
  pages={146--157},
  year={2017},
  organization={Springer}
}


@article{schlegl2019f,
  title={f-AnoGAN: Fast unsupervised anomaly detection with generative adversarial networks},
  author={Schlegl, Thomas and Seeb{\"o}ck, Philipp and Waldstein, Sebastian M and Langs, Georg and Schmidt-Erfurth, Ursula},
  journal={Medical image analysis},
  volume={54},
  pages={30--44},
  year={2019},
  publisher={Elsevier}
}


@inproceedings{yeh2017semantic,
  title={Semantic image inpainting with deep generative models},
  author={Yeh, Raymond A and Chen, Chen and Yian Lim, Teck and Schwing, Alexander G and Hasegawa-Johnson, Mark and Do, Minh N},
  booktitle={Proceedings of the IEEE conference on computer vision and pattern recognition},
  pages={5485--5493},
  year={2017}
}